<record><leader>00000cas a22000007a 4500</leader><controlfield tag="001">8811414</controlfield><controlfield tag="008">820927d19291964iaudr ne      0    0eng  </controlfield><controlfield tag="009">466</controlfield><datafield ind1=" " ind2=" " tag="010"><subfield code="a">sn 82015687 </subfield></datafield><datafield ind1=" " ind2=" " tag="040"><subfield code="a">DLC</subfield><subfield code="b">eng</subfield><subfield code="c">DLC</subfield><subfield code="d">INP</subfield><subfield code="d">DLC</subfield><subfield code="d">INP</subfield><subfield code="d">DLC</subfield><subfield code="d">OCLCO</subfield><subfield code="d">OCLCF</subfield></datafield><datafield ind1="1" ind2=" " tag="029"><subfield code="a">AU@</subfield><subfield code="b">000020273746</subfield></datafield><datafield ind1=" " ind2=" " tag="042"><subfield code="a">msc</subfield></datafield><datafield ind1=" " ind2=" " tag="043"><subfield code="a">n-us-ia</subfield></datafield><datafield ind1="0" ind2="0" tag="050"><subfield code="a">Newspaper 7800</subfield></datafield><datafield ind1="0" ind2=" " tag="130"><subfield code="a">Mason City globe-gazette (Mason City, Iowa : 1929)</subfield></datafield><datafield ind1="0" ind2="0" tag="245"><subfield code="a">Mason City globe-gazette.</subfield></datafield><datafield ind1="3" ind2=" " tag="246"><subfield code="a">Mason City globe gazette</subfield></datafield><datafield ind1="3" ind2="0" tag="246"><subfield code="a">Globe-gazette</subfield></datafield><datafield ind1="3" ind2=" " tag="246"><subfield code="a">Globe gazette</subfield></datafield><datafield ind1=" " ind2=" " tag="260"><subfield code="a">Mason City, Iowa :</subfield><subfield code="b">Mason City Globe-Gazette Co.,</subfield><subfield code="c">1929-1964.</subfield></datafield><datafield ind1=" " ind2=" " tag="300"><subfield code="a">79 v.</subfield></datafield><datafield ind1=" " ind2=" " tag="310"><subfield code="a">Daily,</subfield><subfield code="b">&lt;June 17, 1938&gt;-May 19, 1964</subfield></datafield><datafield ind1=" " ind2=" " tag="321"><subfield code="a">Daily (except Sunday)</subfield><subfield code="b">Oct. 14, 1929</subfield></datafield><datafield ind1="0" ind2=" " tag="362"><subfield code="a">Vol. 36, no. 4 (Oct. 14, 1929)-v. 104, no. 85 (May 19, 1964).</subfield></datafield><datafield ind1=" " ind2=" " tag="500"><subfield code="a">Publisher varies.</subfield></datafield><datafield ind1=" " ind2=" " tag="515"><subfield code="a">Issue for June 1, 1953 called also Mason City centennial number.</subfield></datafield><datafield ind1=" " ind2="0" tag="651"><subfield code="a">Mason City (Iowa)</subfield><subfield code="v">Newspapers.</subfield></datafield><datafield ind1=" " ind2="0" tag="651"><subfield code="a">Cerro Gordo County (Iowa)</subfield><subfield code="v">Newspapers.</subfield></datafield><datafield ind1=" " ind2="7" tag="655"><subfield code="a">Newspapers.</subfield><subfield code="2">fast</subfield><subfield code="0">(OCoLC)fst01423814</subfield></datafield><datafield ind1=" " ind2="7" tag="651"><subfield code="a">Iowa</subfield><subfield code="z">Cerro Gordo County.</subfield><subfield code="2">fast</subfield><subfield code="0">(OCoLC)fst01212208</subfield></datafield><datafield ind1=" " ind2="7" tag="651"><subfield code="a">Iowa</subfield><subfield code="z">Mason City.</subfield><subfield code="2">fast</subfield><subfield code="0">(OCoLC)fst01226038</subfield></datafield><datafield ind1=" " ind2=" " tag="752"><subfield code="a">United States</subfield><subfield code="b">Iowa</subfield><subfield code="c">Cerro Gordo</subfield><subfield code="d">Mason City.</subfield></datafield><datafield ind1="0" ind2="0" tag="780"><subfield code="t">Mason City globe-gazette and Mason City daily times</subfield><subfield code="w">(OCoLC)16138043</subfield><subfield code="w">(DLC)sn 87058657</subfield></datafield><datafield ind1="0" ind2="0" tag="785"><subfield code="t">Globe-gazette</subfield><subfield code="w">(DLC)sn 8509697</subfield><subfield code="w">(OCoLC)12027093</subfield></datafield></record>